<record><leader>00000cas a2200000 a 4500</leader><controlfield tag="001">22443355</controlfield><controlfield tag="008">900927d1855uuuuiluwr ne      0   a0eng c</controlfield><datafield ind1=" " ind2=" " tag="010"><subfield code="a">sn 90054574 </subfield></datafield><datafield ind1=" " ind2=" " tag="040"><subfield code="a">NVF</subfield><subfield code="b">eng</subfield><subfield code="c">NVF</subfield><subfield code="d">MGN</subfield><subfield code="d">OCL</subfield><subfield code="d">NVF</subfield><subfield code="d">OCLCF</subfield><subfield code="d">NVF</subfield><subfield code="d">OCLCO</subfield></datafield><datafield ind1=" " ind2=" " tag="042"><subfield code="a">pcc</subfield></datafield><datafield ind1=" " ind2=" " tag="043"><subfield code="a">n-us-il</subfield></datafield><datafield ind1="0" ind2="0" tag="245"><subfield code="a">Metamora sentinel.</subfield></datafield><datafield ind1=" " ind2=" " tag="260"><subfield code="a">Metamora [Ill.] :</subfield><subfield code="b">W.H. Minor</subfield></datafield><datafield ind1=" " ind2=" " tag="300"><subfield code="a">v.</subfield></datafield><datafield ind1=" " ind2=" " tag="310"><subfield code="a">Weekly</subfield></datafield><datafield ind1="1" ind2=" " tag="362"><subfield code="a">Began in 1855?</subfield></datafield><datafield ind1=" " ind2=" " tag="500"><subfield code="a">Issue for Mar. 4, 1861 called also: "Extra edition."</subfield></datafield><datafield ind1=" " ind2=" " tag="588"><subfield code="a">Description based on: Vol. 4, no. 31 (Apr. 2, 1858).</subfield></datafield><datafield ind1=" " ind2=" " tag="588"><subfield code="a">Latest issue consulted: Mar. 4, 1861.</subfield></datafield><datafield ind1=" " ind2="0" tag="651"><subfield code="a">Metamora (Ill.)</subfield><subfield code="v">Newspapers.</subfield></datafield><datafield ind1=" " ind2="7" tag="651"><subfield code="a">Illinois</subfield><subfield code="z">Metamora.</subfield><subfield code="2">fast</subfield><subfield code="0">(OCoLC)fst01217936</subfield></datafield><datafield ind1=" " ind2="7" tag="655"><subfield code="a">Newspapers.</subfield><subfield code="2">fast</subfield><subfield code="0">(OCoLC)fst01423814</subfield></datafield><datafield ind1=" " ind2=" " tag="752"><subfield code="a">United States</subfield><subfield code="b">Illinois</subfield><subfield code="c">Woodford</subfield><subfield code="d">Metamora.</subfield></datafield><datafield ind1="0" ind2="0" tag="780"><subfield code="t">Woodford County argus</subfield><subfield code="w">(DLC)sn 90054579</subfield><subfield code="w">(OCoLC)22443181</subfield></datafield></record>